@article{andrieu2010particle,
  title={Particle markov chain monte carlo methods},
  author={Andrieu, Christophe and Doucet, Arnaud and Holenstein, Roman},
  journal={Journal of the Royal Statistical Society: Series B (Statistical Methodology)},
  volume={72},
  number={3},
  pages={269--342},
  year={2010},
  publisher={Wiley Online Library}
}